<record><leader>00000cas a2200000 a 4500</leader><controlfield tag="001">16003017</controlfield><controlfield tag="008">870619d18871947nyuwr ne      0    0eng c</controlfield><datafield ind1=" " ind2=" " tag="010"><subfield code="a">sn 87070073 </subfield></datafield><datafield ind1=" " ind2=" " tag="040"><subfield code="a">NYS</subfield><subfield code="b">eng</subfield><subfield code="c">NYS</subfield><subfield code="d">OCLCQ</subfield><subfield code="d">OCLCF</subfield><subfield code="d">OCLCO</subfield></datafield><datafield ind1="1" ind2=" " tag="029"><subfield code="a">AU@</subfield><subfield code="b">000020472299</subfield></datafield><datafield ind1=" " ind2=" " tag="042"><subfield code="a">pcc</subfield></datafield><datafield ind1=" " ind2=" " tag="043"><subfield code="a">n-us-ny</subfield></datafield><datafield ind1="0" ind2="4" tag="245"><subfield code="a">The Earlville standard.</subfield></datafield><datafield ind1=" " ind2=" " tag="260"><subfield code="a">Earlville, N.Y. :</subfield><subfield code="b">L.D. Blanchard,</subfield><subfield code="c">1887-1947.</subfield></datafield><datafield ind1=" " ind2=" " tag="300"><subfield code="a">59 v. ;</subfield><subfield code="c">56 cm.</subfield></datafield><datafield ind1=" " ind2=" " tag="310"><subfield code="a">Weekly</subfield></datafield><datafield ind1="0" ind2=" " tag="362"><subfield code="a">Vol. 1, no. 1 (Dec. 8, 1887)-v. 59, no. 36 (May 29, 1947).</subfield></datafield><datafield ind1=" " ind2=" " tag="500"><subfield code="a">Publishers: L.D. Blanchard, 1887-1894; Burch &amp; Briggs, &lt;1895&gt;-1910; Clayton I. Burch, 1910-1918; Burch &amp; Blanchard, 1918-1935; Clayton I. Burch, 1935-1944; Clayton I. Burch Estate, 1944; Amelia L. Burch, 1945-1946; Anna E. Brown, 1946-1947.</subfield></datafield><datafield ind1=" " ind2=" " tag="500"><subfield code="a">Published a special Old Home Week ed.: Aug. 5, 1926.</subfield></datafield><datafield ind1=" " ind2=" " tag="580"><subfield code="a">Merged with: Madison County leader and observer, and: Hamilton Republican (Hamilton, N.Y.), to form: Mid-York weekly.</subfield></datafield><datafield ind1=" " ind2="0" tag="651"><subfield code="a">Earlville (Chenango County and Madison County, N.Y.)</subfield><subfield code="v">Newspapers.</subfield></datafield><datafield ind1=" " ind2="0" tag="651"><subfield code="a">Madison County (N.Y.)</subfield><subfield code="v">Newspapers.</subfield></datafield><datafield ind1=" " ind2="7" tag="655"><subfield code="a">Newspapers.</subfield><subfield code="2">fast</subfield><subfield code="0">(OCoLC)fst01423814</subfield></datafield><datafield ind1=" " ind2="7" tag="651"><subfield code="a">New York (State)</subfield><subfield code="z">Earlville (Chenango County and Madison County)</subfield><subfield code="2">fast</subfield><subfield code="0">(OCoLC)fst01334146</subfield></datafield><datafield ind1=" " ind2="7" tag="651"><subfield code="a">New York (State)</subfield><subfield code="z">Madison County.</subfield><subfield code="2">fast</subfield><subfield code="0">(OCoLC)fst01209190</subfield></datafield><datafield ind1=" " ind2=" " tag="752"><subfield code="a">United States</subfield><subfield code="b">New York</subfield><subfield code="c">Madison</subfield><subfield code="d">Earlville.</subfield></datafield><datafield ind1="1" ind2="7" tag="785"><subfield code="t">Madison County leader and observer</subfield><subfield code="w">(DLC)sn 92061403</subfield><subfield code="w">(OCoLC)24956700</subfield></datafield><datafield ind1="1" ind2="7" tag="785"><subfield code="t">Hamilton Republican (Hamilton, N.Y.)</subfield><subfield code="w">(DLC)sn 87028304</subfield><subfield code="w">(OCoLC)15490336</subfield></datafield><datafield ind1="1" ind2="7" tag="785"><subfield code="t">Mid-York weekly</subfield><subfield code="w">(DLC)sn 92061402</subfield><subfield code="w">(OCoLC)24370386</subfield></datafield></record>